@article{features_descr,
author = {Dutta, Arindam and Sil, Dibakar and Chandra, Aniruddha and Palit, Sarbani},
year = {2020},
month = {05},
pages = {1-6},
title = {CNN based musical instrument identification using time‐frequency localized features},
doi = {10.1002/itl2.191}
}

@article{squelette_progr,
author = {Anhari, Amir},
year = {2020},
month = {01},
pages = {},
title = {Learning Multi-instrument Classification with Partial Labels}
}

@article{attention,
  author    = {Siddharth Gururani and
               Mohit Sharma and
               Alexander Lerch},
  title     = {An Attention Mechanism for Musical Instrument Recognition},
  journal   = {CoRR},
  volume    = {abs/1907.04294},
  year      = {2019},
  url       = {http://arxiv.org/abs/1907.04294},
  archivePrefix = {arXiv},
  eprint    = {1907.04294},
  timestamp = {Mon, 13 Jan 2020 08:12:09 +0100},
}

@INPROCEEDINGS{VGGish_net,

  author={S. {Hershey} and S. {Chaudhuri} and D. P. W. {Ellis} and J. F. {Gemmeke} and A. {Jansen} and R. C. {Moore} and M. {Plakal} and D. {Platt} and R. A. {Saurous} and B. {Seybold} and M. {Slaney} and R. J. {Weiss} and K. {Wilson}},

  booktitle={2017 IEEE International Conference on Acoustics, Speech and Signal Processing (ICASSP)}, 

  title={CNN architectures for large-scale audio classification}, 

  year={2017},

  volume={},

  number={},

  pages={131-135},

  doi={10.1109/ICASSP.2017.7952132}}
  
@inproceedings{MIC,
  title={OpenMIC-2018: An Open Data-set for Multiple Instrument Recognition},
  author={Eric J. Humphrey and S. Durand and B. McFee},
  booktitle={ISMIR},
  year={2018}
}

@article{MusicNet,
  title={Learning Features of Music from Scratch},
  author={John Thickstun and Z. Harchaoui and Sham M. Kakade},
  journal={ArXiv},
  year={2017},
  volume={abs/1611.09827}
}

@inproceedings{data_aug,
author = {Schlüter, Jan and Grill, Thomas},
year = {2015},
month = {01},
pages = {},
title = {Exploring Data Augmentation for Improved Singing Voice Detection with Neural Networks}
}

@article{metric,
  title={Metrics for Polyphonic Sound Event Detection},
  author={A. Mesaros and Toni Heittola and T. Virtanen},
  journal={Applied Sciences},
  year={2016},
  volume={6},
  pages={162}
}

@article{mir,
title={Extended playing techniques: The next mile-stone in musical instrument recognition},
author={V. Lostanlen, J. Andén, M. Lagrange},
journal={5th International Conference on Digital Libraries for Musi-cology},
year={2016},
month={09},
doi = {hal-01864986}
}


@article{vgg,
title={Very Deep Convolutional Networks for Large-Scale Image Recognition},
author = {K. Simonyan, A. Zisserman},
journal = {ArXiv},
year={2014},
month={September}
}
@article{spectrogram,
  author    = {Jordi Pons and
               Olga Slizovskaia and
               Rong Gong and
               Emilia G{\'{o}}mez and
               Xavier Serra},
  title     = {Timbre Analysis of Music Audio Signals with Convolutional Neural Networks},
  journal   = {CoRR},
  volume    = {abs/1703.06697},
  year      = {2017},
  url       = {http://arxiv.org/abs/1703.06697},
  archivePrefix = {arXiv},
  eprint    = {1703.06697},
  timestamp = {Mon, 13 Aug 2018 16:47:37 +0200},
  biburl    = {https://dblp.org/rec/journals/corr/PonsSGGS17.bib},
  bibsource = {dblp computer science bibliography, https://dblp.org}
}

@article{mel,
title={A Scale for the Measurement of the Psychological Magnitude Pitch},
author =  {S. S. Stevens, J. Volkmann, E. B. Newman},
journal = {Acoust. Soc. Am.},
volume = {8},
year={1937}}

@inproceedings{kong,
author = {Kong, Qiuqiang and Xu, Yong and Plumbley, Mark},
year = {2018},
month = {04},
pages = {},
title = {Audio Set Classification with Attention Model: A Probabilistic Perspective},
doi = {10.1109/ICASSP.2018.8461392}
}

@inproceedings{audioset,
title	= {Audio Set: An ontology and human-labeled dataset for audio events},
author	= {Jort F. Gemmeke and Daniel P. W. Ellis and Dylan Freedman and Aren Jansen and Wade Lawrence and R. Channing Moore and Manoj Plakal and Marvin Ritter},
year	= {2017},
booktitle	= {Proc. IEEE ICASSP 2017},
address	= {New Orleans, LA}
}
@article{lstm,
author = {Hochreiter, Sepp and Schmidhuber, Jürgen},
year = {1997},
month = {12},
pages = {1735-80},
title = {Long Short-term Memory},
volume = {9},
journal = {Neural computation},
doi = {10.1162/neco.1997.9.8.1735}
}

