@article{features_descr,
author = {Dutta, Arindam and Sil, Dibakar and Chandra, Aniruddha and Palit, Sarbani},
year = {2020},
month = {05},
pages = {1-6},
title = {CNN based musical instrument identification using time‐frequency localized features},
doi = {10.1002/itl2.191}
}

@article{squelette_progr,
author = {Anhari, Amir},
year = {2020},
month = {01},
pages = {},
title = {Learning Multi-instrument Classification with Partial Labels}
}

@article{attention,
  author    = {Siddharth Gururani and
               Mohit Sharma and
               Alexander Lerch},
  title     = {An Attention Mechanism for Musical Instrument Recognition},
  journal   = {CoRR},
  volume    = {abs/1907.04294},
  year      = {2019},
  url       = {http://arxiv.org/abs/1907.04294},
  archivePrefix = {arXiv},
  eprint    = {1907.04294},
  timestamp = {Mon, 13 Jan 2020 08:12:09 +0100},
}

@INPROCEEDINGS{VGGish_net,

  author={S. {Hershey} and S. {Chaudhuri} and D. P. W. {Ellis} and J. F. {Gemmeke} and A. {Jansen} and R. C. {Moore} and M. {Plakal} and D. {Platt} and R. A. {Saurous} and B. {Seybold} and M. {Slaney} and R. J. {Weiss} and K. {Wilson}},

  booktitle={2017 IEEE International Conference on Acoustics, Speech and Signal Processing (ICASSP)}, 

  title={CNN architectures for large-scale audio classification}, 

  year={2017},

  volume={},

  number={},

  pages={131-135},

  doi={10.1109/ICASSP.2017.7952132}}
  
@inproceedings{MIC,
  title={OpenMIC-2018: An Open Data-set for Multiple Instrument Recognition},
  author={Eric J. Humphrey and S. Durand and B. McFee},
  booktitle={ISMIR},
  year={2018}
}

@article{MusicNet,
  title={Learning Features of Music from Scratch},
  author={John Thickstun and Z. Harchaoui and Sham M. Kakade},
  journal={ArXiv},
  year={2017},
  volume={abs/1611.09827}
}

@inproceedings{data_aug,
author = {Schlüter, Jan and Grill, Thomas},
year = {2015},
month = {01},
pages = {},
title = {Exploring Data Augmentation for Improved Singing Voice Detection with Neural Networks}
}

@article{metric,
  title={Metrics for Polyphonic Sound Event Detection},
  author={A. Mesaros and Toni Heittola and T. Virtanen},
  journal={Applied Sciences},
  year={2016},
  volume={6},
  pages={162}
}

